@misc{maggioli, title={PGT - Piano di Governo del Territorio}, url={http://www.comune.spinone-al-lago.bg.it/index.php/aree-tematiche/urbanistica/item/1284-pgt-piano-di-governo-del-territorio}, author={Maggioli, Scilla Alberini -}}
 
@misc{endine, url={http://www.parcolagoendine.valcavallina.bg.it/flora.htm}, journal={PLIS del Lago di Endine}}
  
@misc{-_di_-_tecnica_here_2017, title={Permesso di costruire: Ã¨ necessario per un chiosco prefabbricato?}, url={https://www.ediltecnico.it/40477/permesso-costruire-necessario-per-chiosco-prefabbricato/}, journal={Ediltecnico}, author={-, Di Redazione Tecnica and Di and - and Tecnica, Redazione and here, Please enter your name}, year={2017}, month={Mar}}


@misc{commercio, title={Ufficio del commercio},
	url={http://www.ufficiocommercio.it/chioschi-per-attivit-commerciale-edicole-bar-ecc-permesso-di-costruire.html}}


@misc{decreto, title={ Decreto Legislativo 22 gennaio 2004, n. 42},
	url={https://www.bosettiegatti.eu/info/norme/statali/2004_0042.htm}}

@misc{design, title={ Design Boom},
	url={https://www.designboom.com/architecture/metaform-architects-boos-beach-club-restaurant-luxembourg-12-02-2016/}}

@misc{banconemis, title={ Bancone e misure  },
	url={https://www.cucciari.it/misure-per-costruire-un-banco-bar.html}}

@misc{bancone, title={ Bancone Generale},
	url={https://www.allforfood.com/divisione-del-banco-bar-s47-l1.html}}

@misc{celle, title={ Celle},
	url={https://brxitalia.com/wp-
	content/uploads/2017/05/BRX-Catalogo-Celle.pdf}}

@misc{caffe, title={ Macchina Caffe},
	url={https://gaggiaprofessional.evocagroup.com/it/prodotti/macchine-tradizionali/la-reale}}

@misc{decreto2, title={ REGIO DECRETO 11 DICEMBRE 1933, N. 1775 TESTO UNICO DELLE DISPOSIZIONI DI LEGGE SULLE ACQUE E IMPIANTI ELETTRICI },
	url={https://www.minambiente.it/sites/default/files/R.D._11-12-1933_n._1775.pdf}}

@misc{acqua, title={ Leggi acqua},
	url={https://www.exeo.it/Articoli/10977/demanio-e-patrimonio-acque-categorie-di-beni-argini.aspx}}

@misc{argine, title={ Rafforzamento Argine},
	url={http://www.crestsnc.it/divulgazione/media/idropdf/testo06.pdf}}

@misc{documenti, title={ Documenti per aprire un bar},
	url={https://confesercentivero.it/news/supporto-imprenditoria/primi-passi/2017/03/01/documenti-per-aprire-bar/}}

@misc{barriere, title={ Barriere anti rumore},
	url={http://lft.unich.it/laboratorio-fisica-tecnica/images/pdf/lezioni/lez_n_5.pdf}}
